@ARTICLE{Peng05featureselection,
	author = {Hanchuan Peng and Fuhui Long and Chris Ding},
	title = {Feature selection based on mutual information: criteria of max-dependency, max-relevance, and min-redundancy},
	journal = {IEEE Transactions on Pattern Analysis and Machine Intelligence},
	year = {2005},
	volume = {27},
	pages = {1226--1238}
}

@inproceedings{Ding:2003:MRF:937976.938050,
	author = {Ding, Chris and Peng, Hanchuan},
	title = {Minimum Redundancy Feature Selection from Microarray Gene Expression Data},
	booktitle = {Proceedings of the IEEE Computer Society Conference on Bioinformatics},
	series = {CSB '03},
	year = {2003},
	isbn = {0-7695-2000-6},
	pages = {523--},
	url = {http://dl.acm.org/citation.cfm?id=937976.938050},
	acmid = {938050},
	publisher = {IEEE Computer Society},
	address = {Washington, DC, USA},
}

